@ARTICLE{2012AJ....144....4M,
   author = {{McConnachie}, A.~W.},
    title = "{The Observed Properties of Dwarf Galaxies in and around the Local Group}",
  journal = {\aj},
archivePrefix = "arXiv",
   eprint = {1204.1562},
 keywords = {catalogs, galaxies: dwarf, galaxies: fundamental parameters, galaxies: general, galaxies: structure, Local Group},
     year = 2012,
    month = jul,
   volume = 144,
      eid = {4},
    pages = {4},
      doi = {10.1088/0004-6256/144/1/4},
   adsurl = {http://adsabs.harvard.edu/abs/2012AJ....144....4M},
  adsnote = {Provided by the SAO/NASA Astrophysics Data System}
}

@ARTICLE{1996AJ....112.1487H,
   author = {{Harris}, W.~E.},
    title = "{A Catalog of Parameters for Globular Clusters in the Milky Way}",
  journal = {\aj},
 keywords = {GLOBULAR CLUSTERS: GENERAL, CATALOGS},
     year = 1996,
    month = oct,
   volume = 112,
    pages = {1487},
      doi = {10.1086/118116},
   adsurl = {http://adsabs.harvard.edu/abs/1996AJ....112.1487H},
  adsnote = {Provided by the SAO/NASA Astrophysics Data System}
}

@ARTICLE{2005astro.ph..6460W,
   author = {{Willman}, B.},
    title = "{Two New Milky Way Companions}",
  journal = {ArXiv Astrophysics e-prints},
   eprint = {astro-ph/0506460},
 keywords = {Astrophysics},
     year = 2005,
    month = jun,
   adsurl = {http://adsabs.harvard.edu/abs/2005astro.ph..6460W},
  adsnote = {Provided by the SAO/NASA Astrophysics Data System}
}

@INPROCEEDINGS{2006AAS...20917805Z,
   author = {{Zucker}, D.~B. and {Belokurov}, V. and {Evans}, N.~W. and {Gilmore}, G. and 
	{Wilkinson}, M.~I.},
    title = "{A New Population of Ultra-faint Local Group Galaxies}",
booktitle = {American Astronomical Society Meeting Abstracts},
     year = 2006,
   series = {Bulletin of the American Astronomical Society},
   volume = 38,
    month = dec,
    pages = {#178.05},
   adsurl = {http://adsabs.harvard.edu/abs/2006AAS...20917805Z},
  adsnote = {Provided by the SAO/NASA Astrophysics Data System}
}

@ARTICLE{2007ApJ...654..897B,
   author = {{Belokurov}, V. and {Zucker}, D.~B. and {Evans}, N.~W. and {Kleyna}, J.~T. and 
	{Koposov}, S. and {Hodgkin}, S.~T. and {Irwin}, M.~J. and {Gilmore}, G. and 
	{Wilkinson}, M.~I. and {Fellhauer}, M. and {Bramich}, D.~M. and 
	{Hewett}, P.~C. and {Vidrih}, S. and {De Jong}, J.~T.~A. and 
	{Smith}, J.~A. and {Rix}, H.-W. and {Bell}, E.~F. and {Wyse}, R.~F.~G. and 
	{Newberg}, H.~J. and {Mayeur}, P.~A. and {Yanny}, B. and {Rockosi}, C.~M. and 
	{Gnedin}, O.~Y. and {Schneider}, D.~P. and {Beers}, T.~C. and 
	{Barentine}, J.~C. and {Brewington}, H. and {Brinkmann}, J. and 
	{Harvanek}, M. and {Kleinman}, S.~J. and {Krzesinski}, J. and 
	{Long}, D. and {Nitta}, A. and {Snedden}, S.~A.},
    title = "{Cats and Dogs, Hair and a Hero: A Quintet of New Milky Way Companions}",
  journal = {\apj},
   eprint = {astro-ph/0608448},
 keywords = {Galaxies: Dwarf, Galaxies: Local Group},
     year = 2007,
    month = jan,
   volume = 654,
    pages = {897-906},
      doi = {10.1086/509718},
   adsurl = {http://adsabs.harvard.edu/abs/2007ApJ...654..897B},
  adsnote = {Provided by the SAO/NASA Astrophysics Data System}
}



@ARTICLE{2010ApJ...712L.103B,
   author = {{Belokurov}, V. and {Walker}, M.~G. and {Evans}, N.~W. and {Gilmore}, G. and 
	{Irwin}, M.~J. and {Just}, D. and {Koposov}, S. and {Mateo}, M. and 
	{Olszewski}, E. and {Watkins}, L. and {Wyrzykowski}, L.},
    title = "{Big Fish, Little Fish: Two New Ultra-faint Satellites of the Milky Way}",
  journal = {\apjl},
archivePrefix = "arXiv",
   eprint = {1002.0504},
 keywords = {galaxies: dwarf, galaxies: individual: Pisces Pegasus, Local Group},
     year = 2010,
    month = mar,
   volume = 712,
    pages = {L103-L106},
      doi = {10.1088/2041-8205/712/1/L103},
   adsurl = {http://adsabs.harvard.edu/abs/2010ApJ...712L.103B},
  adsnote = {Provided by the SAO/NASA Astrophysics Data System}
}

@ARTICLE{2007MNRAS.382..515V,
   author = {{Vidrih}, S. and {Bramich}, D.~M. and {Hewett}, P.~C. and {Evans}, N.~W. and 
	{Gilmore}, G. and {Hodgkin}, S. and {Smith}, M. and {Wyrzykowski}, L. and 
	{Belokurov}, V. and {Fellhauer}, M. and {Irwin}, M.~J. and {McMahon}, R.~G. and 
	{Zucker}, D. and {Munn}, J.~A. and {Lin}, H. and {Miknaitis}, G. and 
	{Harris}, H.~C. and {Lupton}, R.~H. and {Schneider}, D.~P.},
    title = "{New ultracool and halo white dwarf candidates in SDSS Stripe 82}",
  journal = {\mnras},
archivePrefix = "arXiv",
   eprint = {0709.1131},
 keywords = {catalogues, stars: atmospheres, stars: evolution, white dwarfs},
     year = 2007,
    month = dec,
   volume = 382,
    pages = {515-525},
      doi = {10.1111/j.1365-2966.2007.12429.x},
   adsurl = {http://adsabs.harvard.edu/abs/2007MNRAS.382..515V},
  adsnote = {Provided by the SAO/NASA Astrophysics Data System}
}

@ARTICLE{2015ApJ...807...50B,
   author = {{Bechtol}, K. and {Drlica-Wagner}, A. and {Balbinot}, E. and 
	{Pieres}, A. and {Simon}, J.~D. and {Yanny}, B. and {Santiago}, B. and 
	{Wechsler}, R.~H. and {Frieman}, J. and {Walker}, A.~R. and 
	{Williams}, P. and {Rozo}, E. and {Rykoff}, E.~S. and {Queiroz}, A. and 
	{Luque}, E. and {Benoit-L{\'e}vy}, A. and {Tucker}, D. and {Sevilla}, I. and 
	{Gruendl}, R.~A. and {da Costa}, L.~N. and {Fausti Neto}, A. and 
	{Maia}, M.~A.~G. and {Abbott}, T. and {Allam}, S. and {Armstrong}, R. and 
	{Bauer}, A.~H. and {Bernstein}, G.~M. and {Bernstein}, R.~A. and 
	{Bertin}, E. and {Brooks}, D. and {Buckley-Geer}, E. and {Burke}, D.~L. and 
	{Carnero Rosell}, A. and {Castander}, F.~J. and {Covarrubias}, R. and 
	{D'Andrea}, C.~B. and {DePoy}, D.~L. and {Desai}, S. and {Diehl}, H.~T. and 
	{Eifler}, T.~F. and {Estrada}, J. and {Evrard}, A.~E. and {Fernandez}, E. and 
	{Finley}, D.~A. and {Flaugher}, B. and {Gaztanaga}, E. and {Gerdes}, D. and 
	{Girardi}, L. and {Gladders}, M. and {Gruen}, D. and {Gutierrez}, G. and 
	{Hao}, J. and {Honscheid}, K. and {Jain}, B. and {James}, D. and 
	{Kent}, S. and {Kron}, R. and {Kuehn}, K. and {Kuropatkin}, N. and 
	{Lahav}, O. and {Li}, T.~S. and {Lin}, H. and {Makler}, M. and 
	{March}, M. and {Marshall}, J. and {Martini}, P. and {Merritt}, K.~W. and 
	{Miller}, C. and {Miquel}, R. and {Mohr}, J. and {Neilsen}, E. and 
	{Nichol}, R. and {Nord}, B. and {Ogando}, R. and {Peoples}, J. and 
	{Petravick}, D. and {Plazas}, A.~A. and {Romer}, A.~K. and {Roodman}, A. and 
	{Sako}, M. and {Sanchez}, E. and {Scarpine}, V. and {Schubnell}, M. and 
	{Smith}, R.~C. and {Soares-Santos}, M. and {Sobreira}, F. and 
	{Suchyta}, E. and {Swanson}, M.~E.~C. and {Tarle}, G. and {Thaler}, J. and 
	{Thomas}, D. and {Wester}, W. and {Zuntz}, J. and {DES Collaboration}
	},
    title = "{Eight New Milky Way Companions Discovered in First-year Dark Energy Survey Data}",
  journal = {\apj},
archivePrefix = "arXiv",
   eprint = {1503.02584},
 keywords = {galaxies: dwarf, Local Group},
     year = 2015,
    month = jul,
   volume = 807,
      eid = {50},
    pages = {50},
      doi = {10.1088/0004-637X/807/1/50},
   adsurl = {http://adsabs.harvard.edu/abs/2015ApJ...807...50B},
  adsnote = {Provided by the SAO/NASA Astrophysics Data System}
}

@ARTICLE{2015arXiv150803622T,
   author = {{The DES Collaboration} and {Drlica-Wagner}, A. and {Bechtol}, K. and 
	{Rykoff}, E.~S. and {Luque}, E. and {Queiroz}, A. and {Mao}, Y.-Y. and 
	{Wechsler}, R.~H. and {Simon}, J.~D. and {Santiago}, B. and 
	{Yanny}, B. and {Balbinot}, E. and {Dodelson}, S. and {Fausti Neto}, A. and 
	{James}, D.~J. and {Li}, T.~S. and {Maia}, M.~A.~G. and {Marshall}, J.~L. and 
	{Pieres}, A. and {Stringer}, K. and {Walker}, A.~R. and {Abbott}, T.~M.~C. and 
	{Abdalla}, F.~B. and {Allam}, S. and {Benoit-Levy}, A. and {Bernstein}, G.~M. and 
	{Bertin}, E. and {Brooks}, D. and {Buckley-Geer}, E. and {Burke}, D.~L. and 
	{Carnero Rosell}, A. and {Carrasco Kind}, M. and {Carretero}, J. and 
	{Crocce}, M. and {da Costa}, L.~N. and {Desai}, S. and {Diehl}, H.~T. and 
	{Dietrich}, J.~P. and {Doel}, P. and {Eifler}, T.~F. and {Evrard}, A.~E. and 
	{Finley}, D.~A. and {Fosalba}, P. and {Frieman}, J. and {Gaztanaga}, E. and 
	{Gerdes}, D.~W. and {Gruen}, D. and {Gruendl}, R.~A. and {Gutierrez}, G. and 
	{Honscheid}, K. and {Kuehn}, K. and {Kuropatkin}, N. and {Lahav}, O. and 
	{Martini}, P. and {Miquel}, R. and {Nord}, B. and {Ogando}, R. and 
	{Plazas}, A.~A. and {Reil}, K. and {Roodman}, A. and {Sako}, M. and 
	{Sanchez}, E. and {Scarpine}, V. and {Schubnell}, M. and {Sevilla-Noarbe}, I. and 
	{Smith}, R.~C. and {Soares-Santos}, M. and {Sobreira}, F. and 
	{Suchyta}, E. and {Swanson}, M.~E.~C. and {Tarle}, G. and {Tucker}, D. and 
	{Vikram}, V. and {Wester}, W. and {Zhang}, Y. and {Zuntz}, J.
	},
    title = "{Eight Ultra-faint Galaxy Candidates Discovered in Year Two of the Dark Energy Survey}",
  journal = {ArXiv e-prints},
archivePrefix = "arXiv",
   eprint = {1508.03622},
 keywords = {Astrophysics - Astrophysics of Galaxies, Astrophysics - High Energy Astrophysical Phenomena, Astrophysics - Instrumentation and Methods for Astrophysics, High Energy Physics - Phenomenology},
     year = 2015,
    month = aug,
   adsurl = {http://adsabs.harvard.edu/abs/2015arXiv150803622T},
  adsnote = {Provided by the SAO/NASA Astrophysics Data System}
}



@ARTICLE{2013ApJ...767..101B,
   author = {{Balbinot}, E. and {Santiago}, B.~X. and {da Costa}, L. and 
	{Maia}, M.~A.~G. and {Majewski}, S.~R. and {Nidever}, D. and 
	{Rocha-Pinto}, H.~J. and {Thomas}, D. and {Wechsler}, R.~H. and 
	{Yanny}, B.},
    title = "{A New Milky Way Halo Star Cluster in the Southern Galactic Sky}",
  journal = {\apj},
archivePrefix = "arXiv",
   eprint = {1212.5952},
 keywords = {galaxies: dwarf, globular clusters: general, Local Group},
     year = 2013,
    month = apr,
   volume = 767,
      eid = {101},
    pages = {101},
      doi = {10.1088/0004-637X/767/2/101},
   adsurl = {http://adsabs.harvard.edu/abs/2013ApJ...767..101B},
  adsnote = {Provided by the SAO/NASA Astrophysics Data System}
}

@ARTICLE{2005AJ....129.2692W,
   author = {{Willman}, B. and {Blanton}, M.~R. and {West}, A.~A. and {Dalcanton}, J.~J. and 
	{Hogg}, D.~W. and {Schneider}, D.~P. and {Wherry}, N. and {Yanny}, B. and 
	{Brinkmann}, J.},
    title = "{A New Milky Way Companion: Unusual Globular Cluster or Extreme Dwarf Satellite?}",
  journal = {\aj},
   eprint = {astro-ph/0410416},
 keywords = {Galaxies: Dwarf, Galaxies: Formation, Galaxy: Globular Clusters: General, Galaxies: Local Group, Surveys},
     year = 2005,
    month = jun,
   volume = 129,
    pages = {2692-2700},
      doi = {10.1086/430214},
   adsurl = {http://adsabs.harvard.edu/abs/2005AJ....129.2692W},
  adsnote = {Provided by the SAO/NASA Astrophysics Data System}
}

@ARTICLE{2015ApJ...804L..44K,
   author = {{Kim}, D. and {Jerjen}, H. and {Mackey}, D. and {Da Costa}, G.~S. and 
	{Milone}, A.~P.},
    title = "{A Hero{\rsquo}s Dark Horse: Discovery of an Ultra-faint Milky Way Satellite in Pegasus}",
  journal = {\apjl},
archivePrefix = "arXiv",
   eprint = {1503.08268},
 keywords = {galaxies: dwarf, galaxies: individual: Pegasus III, galaxies: stellar content, Galaxy: halo, Local Group},
     year = 2015,
    month = may,
   volume = 804,
      eid = {L44},
    pages = {L44},
      doi = {10.1088/2041-8205/804/2/L44},
   adsurl = {http://adsabs.harvard.edu/abs/2015ApJ...804L..44K},
  adsnote = {Provided by the SAO/NASA Astrophysics Data System}
}

@ARTICLE{2015ApJ...803...63K,
   author = {{Kim}, D. and {Jerjen}, H. and {Milone}, A.~P. and {Mackey}, D. and 
	{Da Costa}, G.~S.},
    title = "{Discovery of a Faint Outer Halo Milky Way Star Cluster in the Southern Sky}",
  journal = {\apj},
archivePrefix = "arXiv",
   eprint = {1502.03952},
 keywords = {Galaxy: formation, Galaxy: halo, galaxies: dwarf, globular clusters: general, Local Group},
     year = 2015,
    month = apr,
   volume = 803,
      eid = {63},
    pages = {63},
      doi = {10.1088/0004-637X/803/2/63},
   adsurl = {http://adsabs.harvard.edu/abs/2015ApJ...803...63K},
  adsnote = {Provided by the SAO/NASA Astrophysics Data System}
}

@ARTICLE{2009AJ....137..450W,
   author = {{Walsh}, S.~M. and {Willman}, B. and {Jerjen}, H.},
    title = "{The Invisibles: A Detection Algorithm to Trace the Faintest Milky Way Satellites}",
  journal = {\aj},
archivePrefix = "arXiv",
   eprint = {0807.3345},
 keywords = {dark matter, galaxies: dwarf, Local Group},
     year = 2009,
    month = jan,
   volume = 137,
    pages = {450-469},
      doi = {10.1088/0004-6256/137/1/450},
   adsurl = {http://adsabs.harvard.edu/abs/2009AJ....137..450W},
  adsnote = {Provided by the SAO/NASA Astrophysics Data System}
}

@ARTICLE{2007ApJ...669..337K,
   author = {{Koposov}, S. and {de Jong}, J.~T.~A. and {Belokurov}, V. and 
	{Rix}, H.-W. and {Zucker}, D.~B. and {Evans}, N.~W. and {Gilmore}, G. and 
	{Irwin}, M.~J. and {Bell}, E.~F.},
    title = "{The Discovery of Two Extremely Low Luminosity Milky Way Globular Clusters}",
  journal = {\apj},
archivePrefix = "arXiv",
   eprint = {0706.0019},
 keywords = {Galaxy: Halo, Galaxy: Globular Clusters: General, globular clusters: individual (Koposov 1), globular clusters: individual (Koposov 2)},
     year = 2007,
    month = nov,
   volume = 669,
    pages = {337-342},
      doi = {10.1086/521422},
   adsurl = {http://adsabs.harvard.edu/abs/2007ApJ...669..337K},
  adsnote = {Provided by the SAO/NASA Astrophysics Data System}
}

@ARTICLE{2012AJ....144...76W,
   author = {{Willman}, B. and {Strader}, J.},
    title = "{''Galaxy,'' Defined}",
  journal = {\aj},
archivePrefix = "arXiv",
   eprint = {1203.2608},
 keywords = {galaxies: dwarf, galaxies: kinematics and dynamics, galaxies: star clusters: general},
     year = 2012,
    month = sep,
   volume = 144,
      eid = {76},
    pages = {76},
      doi = {10.1088/0004-6256/144/3/76},
   adsurl = {http://adsabs.harvard.edu/abs/2012AJ....144...76W},
  adsnote = {Provided by the SAO/NASA Astrophysics Data System}
}


@ARTICLE{2008ApJ...688..277T,
   author = {{Tollerud}, E.~J. and {Bullock}, J.~S. and {Strigari}, L.~E. and 
	{Willman}, B.},
    title = "{Hundreds of Milky Way Satellites? Luminosity Bias in the Satellite Luminosity Function}",
  journal = {\apj},
archivePrefix = "arXiv",
   eprint = {0806.4381},
 keywords = {Cosmology: Observations, Galaxies: Dwarf, Galaxies: Halos, Galaxies: Local Group, Surveys},
     year = 2008,
    month = nov,
   volume = 688,
    pages = {277-289},
      doi = {10.1086/592102},
   adsurl = {http://adsabs.harvard.edu/abs/2008ApJ...688..277T},
  adsnote = {Provided by the SAO/NASA Astrophysics Data System}
}

@ARTICLE{2015ApJ...802L..18L,
   author = {{Laevens}, B.~P.~M. and {Martin}, N.~F. and {Ibata}, R.~A. and 
	{Rix}, H.-W. and {Bernard}, E.~J. and {Bell}, E.~F. and {Sesar}, B. and 
	{Ferguson}, A.~M.~N. and {Schlafly}, E.~F. and {Slater}, C.~T. and 
	{Burgett}, W.~S. and {Chambers}, K.~C. and {Flewelling}, H. and 
	{Hodapp}, K.~A. and {Kaiser}, N. and {Kudritzki}, R.-P. and 
	{Lupton}, R.~H. and {Magnier}, E.~A. and {Metcalfe}, N. and 
	{Morgan}, J.~S. and {Price}, P.~A. and {Tonry}, J.~L. and {Wainscoat}, R.~J. and 
	{Waters}, C.},
    title = "{A New Faint Milky Way Satellite Discovered in the Pan-STARRS1 3{$\pi$} Survey}",
  journal = {\apjl},
archivePrefix = "arXiv",
   eprint = {1503.05554},
 keywords = {galaxies: dwarf, Galaxy: structure, globular clusters: general, Local Group},
     year = 2015,
    month = apr,
   volume = 802,
      eid = {L18},
    pages = {L18},
      doi = {10.1088/2041-8205/802/2/L18},
   adsurl = {http://adsabs.harvard.edu/abs/2015ApJ...802L..18L},
  adsnote = {Provided by the SAO/NASA Astrophysics Data System}
}

@ARTICLE{2015ApJ...813...44L,
   author = {{Laevens}, B.~P.~M. and {Martin}, N.~F. and {Bernard}, E.~J. and 
	{Schlafly}, E.~F. and {Sesar}, B. and {Rix}, H.-W. and {Bell}, E.~F. and 
	{Ferguson}, A.~M.~N. and {Slater}, C.~T. and {Sweeney}, W.~E. and 
	{Wyse}, R.~F.~G. and {Huxor}, A.~P. and {Burgett}, W.~S. and 
	{Chambers}, K.~C. and {Draper}, P.~W. and {Hodapp}, K.~A. and 
	{Kaiser}, N. and {Magnier}, E.~A. and {Metcalfe}, N. and {Tonry}, J.~L. and 
	{Wainscoat}, R.~J. and {Waters}, C.},
    title = "{Sagittarius II, Draco II and Laevens 3: Three New Milky Way Satellites Discovered in the Pan-STARRS 1 3  Survey}",
  journal = {\apj},
archivePrefix = "arXiv",
   eprint = {1507.07564},
 keywords = {galaxies: dwarf, Galaxy: structure, globular clusters: general, Local Group},
     year = 2015,
    month = nov,
   volume = 813,
      eid = {44},
    pages = {44},
      doi = {10.1088/0004-637X/813/1/44},
   adsurl = {http://adsabs.harvard.edu/abs/2015ApJ...813...44L},
  adsnote = {Provided by the SAO/NASA Astrophysics Data System}
}

@ARTICLE{2015ApJ...804L...5M,
   author = {{Martin}, N.~F. and {Nidever}, D.~L. and {Besla}, G. and {Olsen}, K. and 
	{Walker}, A.~R. and {Vivas}, A.~K. and {Gruendl}, R.~A. and 
	{Kaleida}, C.~C. and {Mu{\~n}oz}, R.~R. and {Blum}, R.~D. and 
	{Saha}, A. and {Conn}, B.~C. and {Bell}, E.~F. and {Chu}, Y.-H. and 
	{Cioni}, M.-R.~L. and {de Boer}, T.~J.~L. and {Gallart}, C. and 
	{Jin}, S. and {Kunder}, A. and {Majewski}, S.~R. and {Martinez-Delgado}, D. and 
	{Monachesi}, A. and {Monelli}, M. and {Monteagudo}, L. and {No{\"e}l}, N.~E.~D. and 
	{Olszewski}, E.~W. and {Stringfellow}, G.~S. and {van der Marel}, R.~P. and 
	{Zaritsky}, D.},
    title = "{Hydra II: A Faint and Compact Milky Way Dwarf Galaxy Found in the Survey of the Magellanic Stellar History}",
  journal = {\apjl},
archivePrefix = "arXiv",
   eprint = {1503.06216},
 keywords = {galaxies: individual: Hydra II, Local Group, Magellanic Clouds},
     year = 2015,
    month = may,
   volume = 804,
      eid = {L5},
    pages = {L5},
      doi = {10.1088/2041-8205/804/1/L5},
   adsurl = {http://adsabs.harvard.edu/abs/2015ApJ...804L...5M},
  adsnote = {Provided by the SAO/NASA Astrophysics Data System}
}


@ARTICLE{1991ApJ...379...52W,
   author = {{White}, S.~D.~M. and {Frenk}, C.~S.},
    title = "{Galaxy formation through hierarchical clustering}",
  journal = {\apj},
 keywords = {Galactic Clusters, Galactic Evolution, Galactic Structure, Star Distribution, Star Formation, Analytic Functions, Brightness Distribution, Cosmology, Dark Matter, Halos, Numerical Analysis},
     year = 1991,
    month = sep,
   volume = 379,
    pages = {52-79},
      doi = {10.1086/170483},
   adsurl = {http://adsabs.harvard.edu/abs/1991ApJ...379...52W},
  adsnote = {Provided by the SAO/NASA Astrophysics Data System}
}

@ARTICLE{2014ApJ...795...94B,
   author = {{Bonaca}, A. and {Geha}, M. and {K{\"u}pper}, A.~H.~W. and {Diemand}, J. and 
	{Johnston}, K.~V. and {Hogg}, D.~W.},
    title = "{Milky Way Mass and Potential Recovery Using Tidal Streams in a Realistic Halo}",
  journal = {\apj},
archivePrefix = "arXiv",
   eprint = {1406.6063},
 keywords = {dark matter, Galaxy: halo, Galaxy: structure},
     year = 2014,
    month = nov,
   volume = 795,
      eid = {94},
    pages = {94},
      doi = {10.1088/0004-637X/795/1/94},
   adsurl = {http://adsabs.harvard.edu/abs/2014ApJ...795...94B},
  adsnote = {Provided by the SAO/NASA Astrophysics Data System}
}

@INPROCEEDINGS{2006RMxAC..26...70D,
   author = {{Duffau}, S.~V. and {Zinn}, R. and {Carraro}, G. and {M{\'e}ndez}, R.~A. and 
	{Vivas}, A.~K. and {Gallart}, C. and {Winnick}, R.},
    title = "{Confirmation of Halo Substructure using Quest RR Lyrae Data: The New Virgo Stellar Stream (VSS)}",
 keywords = {Galaxy: Formation, Galaxy: Halo, Galaxy: Structure, Stars: Variables: Other},
booktitle = {Revista Mexicana de Astronomia y Astrofisica Conference Series},
     year = 2006,
   series = {Revista Mexicana de Astronomia y Astrofisica Conference Series},
   volume = 26,
    month = jun,
    pages = {70-71},
   adsurl = {http://adsabs.harvard.edu/abs/2006RMxAC..26...70D},
  adsnote = {Provided by the SAO/NASA Astrophysics Data System}
}

@ARTICLE{2012ApJ...753..145C,
   author = {{Carlin}, J.~L. and {Yam}, W. and {Casetti-Dinescu}, D.~I. and 
	{Willett}, B.~A. and {Newberg}, H.~J. and {Majewski}, S.~R. and 
	{Girard}, T.~M.},
    title = "{The Origin of the Virgo Stellar Substructure}",
  journal = {\apj},
archivePrefix = "arXiv",
   eprint = {1205.2371},
 keywords = {galaxies: dwarf, Galaxy: kinematics and dynamics, Galaxy: stellar content, Galaxy: structure, proper motions, stars: kinematics and dynamics},
     year = 2012,
    month = jul,
   volume = 753,
      eid = {145},
    pages = {145},
      doi = {10.1088/0004-637X/753/2/145},
   adsurl = {http://adsabs.harvard.edu/abs/2012ApJ...753..145C},
  adsnote = {Provided by the SAO/NASA Astrophysics Data System}
}

@ARTICLE{2001ApJ...547L.133I,
   author = {{Ibata}, R. and {Irwin}, M. and {Lewis}, G.~F. and {Stolte}, A.
	},
    title = "{Galactic Halo Substructure in the Sloan Digital Sky Survey: The Ancient Tidal Stream from the Sagittarius Dwarf Galaxy}",
  journal = {\apjl},
   eprint = {astro-ph/0004255},
 keywords = {Galaxies: Halos, Galaxies: Individual: Name: Sagittarius, Galaxies: Kinematics and Dynamics, Galaxy: Halo, Galaxy: Structure, Galaxies: Local Group},
     year = 2001,
    month = feb,
   volume = 547,
    pages = {L133-L136},
      doi = {10.1086/318894},
   adsurl = {http://adsabs.harvard.edu/abs/2001ApJ...547L.133I},
  adsnote = {Provided by the SAO/NASA Astrophysics Data System}
}

@ARTICLE{2011AJ....142...88F,
   author = {{Fadely}, R. and {Willman}, B. and {Geha}, M. and {Walsh}, S. and 
	{Mu{\~n}oz}, R.~R. and {Jerjen}, H. and {Vargas}, L.~C. and 
	{Da Costa}, G.~S.},
    title = "{Segue 3: An Old, Extremely Low Luminosity Star Cluster in the Milky Way's Halo}",
  journal = {\aj},
archivePrefix = "arXiv",
   eprint = {1107.3151},
 keywords = {galaxies: dwarf, galaxies: star clusters: general, Galaxy: kinematics and dynamics, globular clusters: individual: Segue 3},
     year = 2011,
    month = sep,
   volume = 142,
      eid = {88},
    pages = {88},
      doi = {10.1088/0004-6256/142/3/88},
   adsurl = {http://adsabs.harvard.edu/abs/2011AJ....142...88F},
  adsnote = {Provided by the SAO/NASA Astrophysics Data System}
}

@ARTICLE{2010ApJ...718.1128L,
   author = {{Law}, D.~R. and {Majewski}, S.~R.},
    title = "{Assessing the Milky Way Satellites Associated with the Sagittarius Dwarf Spheroidal Galaxy}",
  journal = {\apj},
archivePrefix = "arXiv",
   eprint = {1005.5390},
 keywords = {galaxies: individual: Sagittarius, Galaxy: structure, globular clusters: general, Local Group},
     year = 2010,
    month = aug,
   volume = 718,
    pages = {1128-1150},
      doi = {10.1088/0004-637X/718/2/1128},
   adsurl = {http://adsabs.harvard.edu/abs/2010ApJ...718.1128L},
  adsnote = {Provided by the SAO/NASA Astrophysics Data System}
}




@ARTICLE{2015MNRAS.453.3568D,
   author = {{Deason}, A.~J. and {Wetzel}, A.~R. and {Garrison-Kimmel}, S. and 
	{Belokurov}, V.},
    title = "{Satellites of LMC-mass dwarfs: close friendships ruined by Milky Way mass haloes}",
  journal = {\mnras},
archivePrefix = "arXiv",
   eprint = {1504.04372},
 keywords = {Galaxy: formation, Galaxy: halo, galaxies: dwarf, Magellanic Clouds},
     year = 2015,
    month = nov,
   volume = 453,
    pages = {3568-3574},
      doi = {10.1093/mnras/stv1939},
   adsurl = {http://adsabs.harvard.edu/abs/2015MNRAS.453.3568D},
  adsnote = {Provided by the SAO/NASA Astrophysics Data System}
}


@ARTICLE{2014ApJ...795L..13H,
   author = {{Hargis}, J.~R. and {Willman}, B. and {Peter}, A.~H.~G.},
    title = "{Too Many, Too Few, or Just Right? The Predicted Number and Distribution of Milky Way Dwarf Galaxies}",
  journal = {\apjl},
archivePrefix = "arXiv",
   eprint = {1407.4470},
 keywords = {dark matter, galaxies: dwarf, surveys},
     year = 2014,
    month = nov,
   volume = 795,
      eid = {L13},
    pages = {L13},
      doi = {10.1088/2041-8205/795/1/L13},
   adsurl = {http://adsabs.harvard.edu/abs/2014ApJ...795L..13H},
  adsnote = {Provided by the SAO/NASA Astrophysics Data System}
}

@ARTICLE{2011MNRAS.416..393B,
   author = {{Balbinot}, E. and {Santiago}, B.~X. and {da Costa}, L.~N. and 
	{Makler}, M. and {Maia}, M.~A.~G.},
    title = "{The tidal tails of NGC 2298}",
  journal = {\mnras},
archivePrefix = "arXiv",
   eprint = {1105.1933},
 keywords = {globular clusters: general, globular clusters: individual: NGC 2298, Galaxy: structure},
     year = 2011,
    month = sep,
   volume = 416,
    pages = {393-402},
      doi = {10.1111/j.1365-2966.2011.19044.x},
   adsurl = {http://adsabs.harvard.edu/abs/2011MNRAS.416..393B},
  adsnote = {Provided by the SAO/NASA Astrophysics Data System}
}

@INPROCEEDINGS{2012ASPC..458..219G,
   author = {{Grillmair}, C.~J.},
    title = "{A Matched Filter Analysis of SDSS DR8 Photometry in the Vicinity of the Cetus Polar Stream}",
booktitle = {Galactic Archaeology: Near-Field Cosmology and the Formation of the Milky Way},
     year = 2012,
   series = {Astronomical Society of the Pacific Conference Series},
   volume = 458,
   editor = {{Aoki}, W. and {Ishigaki}, M. and {Suda}, T. and {Tsujimoto}, T. and 
	{Arimoto}, N.},
    month = aug,
    pages = {219},
   adsurl = {http://adsabs.harvard.edu/abs/2012ASPC..458..219G},
  adsnote = {Provided by the SAO/NASA Astrophysics Data System}
}

@INPROCEEDINGS{2009AAS...21344217D,
   author = {{Davenport}, J.~R.~A. and {Sandquist}, E.~L.},
    title = "{A Matched Filter Analysis of the Open Cluster M67 with SDSS Photometry}",
booktitle = {American Astronomical Society Meeting Abstracts \#213},
     year = 2009,
   series = {Bulletin of the American Astronomical Society},
   volume = 41,
    month = jan,
    pages = {#442.17},
   adsurl = {http://adsabs.harvard.edu/abs/2009AAS...21344217D},
  adsnote = {Provided by the SAO/NASA Astrophysics Data System}
}

@ARTICLE{2012MNRAS.427..127B,
   author = {{Bressan}, A. and {Marigo}, P. and {Girardi}, L. and {Salasnich}, B. and 
	{Dal Cero}, C. and {Rubele}, S. and {Nanni}, A.},
    title = "{PARSEC: stellar tracks and isochrones with the PAdova and TRieste Stellar Evolution Code}",
  journal = {\mnras},
archivePrefix = "arXiv",
   eprint = {1208.4498},
 primaryClass = "astro-ph.SR",
 keywords = {stars: evolution, Hertzsprung{\dash}Russell and colour magnitude diagrams, stars: interiors, stars: low-mass},
     year = 2012,
    month = nov,
   volume = 427,
    pages = {127-145},
      doi = {10.1111/j.1365-2966.2012.21948.x},
   adsurl = {http://adsabs.harvard.edu/abs/2012MNRAS.427..127B},
  adsnote = {Provided by the SAO/NASA Astrophysics Data System}
}

@ARTICLE{1996A&AS..117..393B,
   author = {{Bertin}, E. and {Arnouts}, S.},
    title = "{SExtractor: Software for source extraction.}",
  journal = {\aaps},
 keywords = {METHODS: DATA ANALYSIS, TECHNIQUES: IMAGE PROCESSING, GALAXIES: PHOTOMETRY},
     year = 1996,
    month = jun,
   volume = 117,
    pages = {393-404},
      doi = {10.1051/aas:1996164},
   adsurl = {http://adsabs.harvard.edu/abs/1996A%26AS..117..393B},
  adsnote = {Provided by the SAO/NASA Astrophysics Data System}
}

@ARTICLE{2015arXiv150802381L,
   author = {{Luque}, E. and {Queiroz}, A. and {Santiago}, B. and {Pieres}, A. and 
	{Balbinot}, E. and {Bechtol}, K. and {Drlica-Wagner}, A. and 
	{Fausti Neto}, A. and {da Costa}, L.~N. and {Maia}, M.~A.~G. and 
	{Yanny}, B. and {Abbott}, T. and {Allam}, S. and {Benoit-L{\'e}vy}, A. and 
	{Bertin}, E. and {Brooks}, D. and {Buckley-Geer}, E. and {Burke}, D.~L. and 
	{Carnero Rosell}, A. and {Carrasco Kind}, M. and {Carretero}, J. and 
	{Cunha}, C.~E. and {Desai}, S. and {Diehl}, H.~T. and {Dietrich}, J.~P. and 
	{Eifler}, T.~F. and {Finley}, D.~A. and {Flaugher}, B. and {Fosalba}, P. and 
	{Frieman}, J. and {Gerdes}, D.~W. and {Gruen}, D. and {Gutierrez}, G. and 
	{Honscheid}, K. and {James}, D.~J. and {Kuehn}, K. and {Kuropatkin}, N. and 
	{Lahav}, O. and {Li}, T.~S. and {March}, M. and {Marshall}, J.~L. and 
	{Martini}, P. and {Miquel}, R. and {Neilsen}, E. and {Nichol}, R.~C. and 
	{Nord}, B. and {Ogando}, R. and {Plazas}, A.~A. and {Romer}, A.~K. and 
	{Roodman}, A. and {Sanchez}, E. and {Scarpine}, V. and {Schubnell}, M. and 
	{Sevilla-Noarbe}, I. and {Smith}, R.~C. and {Soares-Santos}, M. and 
	{Sobreira}, F. and {Suchyta}, E. and {Swanson}, M.~E.~C. and 
	{Tarle}, G. and {Thaler}, J. and {Tucker}, D. and {Walker}, A.~R. and 
	{Zhang}, Y.},
    title = "{Digging deeper into the Southern skies: a compact Milky-Way companion discovered in first-year Dark Energy Survey data}",
  journal = {ArXiv e-prints},
archivePrefix = "arXiv",
   eprint = {1508.02381},
 keywords = {Astrophysics - Astrophysics of Galaxies, Astrophysics - Solar and Stellar Astrophysics},
     year = 2015,
    month = aug,
   adsurl = {http://adsabs.harvard.edu/abs/2015arXiv150802381L},
  adsnote = {Provided by the SAO/NASA Astrophysics Data System}
}
@ARTICLE{2001MNRAS.322..231K,
   author = {{Kroupa}, P.},
    title = "{On the variation of the initial mass function}",
  journal = {\mnras},
   eprint = {astro-ph/0009005},
 keywords = {BINARIES: GENERAL, STARS: FORMATION, STARS: KINEMATICS, STARS: LUMINOSITY FUNCTION, MASS FUNCTION, GLOBULAR CLUSTERS: GENERAL, OPEN CLUSTERS AND ASSOCIATIONS: GENERAL},
     year = 2001,
    month = apr,
   volume = 322,
    pages = {231-246},
      doi = {10.1046/j.1365-8711.2001.04022.x},
   adsurl = {http://adsabs.harvard.edu/abs/2001MNRAS.322..231K},
  adsnote = {Provided by the SAO/NASA Astrophysics Data System}
}

@ARTICLE{1998ApJ...500..525S,
   author = {{Schlegel}, D.~J. and {Finkbeiner}, D.~P. and {Davis}, M.},
    title = "{Maps of Dust Infrared Emission for Use in Estimation of Reddening and Cosmic Microwave Background Radiation Foregrounds}",
  journal = {\apj},
   eprint = {astro-ph/9710327},
 keywords = {COSMOLOGY: DIFFUSE RADIATION, COSMOLOGY: COSMIC MICROWAVE BACKGROUND, ISM: DUST, EXTINCTION, INTERPLANETARY MEDIUM, INFRARED: ISM: CONTINUUM, Cosmology: Cosmic Microwave Background, Cosmology: Diffuse Radiation, ISM: Dust, Extinction, Infrared: ISM: Continuum, Interplanetary Medium},
     year = 1998,
    month = jun,
   volume = 500,
    pages = {525-553},
      doi = {10.1086/305772},
   adsurl = {http://adsabs.harvard.edu/abs/1998ApJ...500..525S},
  adsnote = {Provided by the SAO/NASA Astrophysics Data System}
}


@ARTICLE{1972ApJ...175..627R,
   author = {{Rood}, H.~J. and {Page}, T.~L. and {Kintner}, E.~C. and {King}, I.~R.
	},
    title = "{The Structure of the Coma Cluster of Galaxies}",
  journal = {\apj},
     year = 1972,
    month = aug,
   volume = 175,
    pages = {627},
      doi = {10.1086/151585},
   adsurl = {http://adsabs.harvard.edu/abs/1972ApJ...175..627R},
  adsnote = {Provided by the SAO/NASA Astrophysics Data System}
}

@ARTICLE{2005astro.ph.10346T,
   author = {{The Dark Energy Survey Collaboration}},
    title = "{The Dark Energy Survey}",
  journal = {ArXiv Astrophysics e-prints},
   eprint = {astro-ph/0510346},
 keywords = {Astrophysics},
     year = 2005,
    month = oct,
   adsurl = {http://adsabs.harvard.edu/abs/2005astro.ph.10346T},
  adsnote = {Provided by the SAO/NASA Astrophysics Data System}
}


@ARTICLE{2015AJ....150..150F,
   author = {{Flaugher}, B. and {Diehl}, H.~T. and {Honscheid}, K. and {Abbott}, T.~M.~C. and 
	{Alvarez}, O. and {Angstadt}, R. and {Annis}, J.~T. and {Antonik}, M. and 
	{Ballester}, O. and {Beaufore}, L. and {Bernstein}, G.~M. and 
	{Bernstein}, R.~A. and {Bigelow}, B. and {Bonati}, M. and {Boprie}, D. and 
	{Brooks}, D. and {Buckley-Geer}, E.~J. and {Campa}, J. and {Cardiel-Sas}, L. and 
	{Castander}, F.~J. and {Castilla}, J. and {Cease}, H. and {Cela-Ruiz}, J.~M. and 
	{Chappa}, S. and {Chi}, E. and {Cooper}, C. and {da Costa}, L.~N. and 
	{Dede}, E. and {Derylo}, G. and {DePoy}, D.~L. and {de Vicente}, J. and 
	{Doel}, P. and {Drlica-Wagner}, A. and {Eiting}, J. and {Elliott}, A.~E. and 
	{Emes}, J. and {Estrada}, J. and {Fausti Neto}, A. and {Finley}, D.~A. and 
	{Flores}, R. and {Frieman}, J. and {Gerdes}, D. and {Gladders}, M.~D. and 
	{Gregory}, B. and {Gutierrez}, G.~R. and {Hao}, J. and {Holland}, S.~E. and 
	{Holm}, S. and {Huffman}, D. and {Jackson}, C. and {James}, D.~J. and 
	{Jonas}, M. and {Karcher}, A. and {Karliner}, I. and {Kent}, S. and 
	{Kessler}, R. and {Kozlovsky}, M. and {Kron}, R.~G. and {Kubik}, D. and 
	{Kuehn}, K. and {Kuhlmann}, S. and {Kuk}, K. and {Lahav}, O. and 
	{Lathrop}, A. and {Lee}, J. and {Levi}, M.~E. and {Lewis}, P. and 
	{Li}, T.~S. and {Mandrichenko}, I. and {Marshall}, J.~L. and 
	{Martinez}, G. and {Merritt}, K.~W. and {Miquel}, R. and {Mu{\~n}oz}, F. and 
	{Neilsen}, E.~H. and {Nichol}, R.~C. and {Nord}, B. and {Ogando}, R. and 
	{Olsen}, J. and {Palaio}, N. and {Patton}, K. and {Peoples}, J. and 
	{Plazas}, A.~A. and {Rauch}, J. and {Reil}, K. and {Rheault}, J.-P. and 
	{Roe}, N.~A. and {Rogers}, H. and {Roodman}, A. and {Sanchez}, E. and 
	{Scarpine}, V. and {Schindler}, R.~H. and {Schmidt}, R. and 
	{Schmitt}, R. and {Schubnell}, M. and {Schultz}, K. and {Schurter}, P. and 
	{Scott}, L. and {Serrano}, S. and {Shaw}, T.~M. and {Smith}, R.~C. and 
	{Soares-Santos}, M. and {Stefanik}, A. and {Stuermer}, W. and 
	{Suchyta}, E. and {Sypniewski}, A. and {Tarle}, G. and {Thaler}, J. and 
	{Tighe}, R. and {Tran}, C. and {Tucker}, D. and {Walker}, A.~R. and 
	{Wang}, G. and {Watson}, M. and {Weaverdyck}, C. and {Wester}, W. and 
	{Woods}, R. and {Yanny}, B. and {The DES Collaboration}},
    title = "{The Dark Energy Camera}",
  journal = {\aj},
archivePrefix = "arXiv",
   eprint = {1504.02900},
 primaryClass = "astro-ph.IM",
 keywords = {atlases, catalogs, cosmology: observations, instrumentation: detectors, instrumentation: photometers, surveys},
     year = 2015,
    month = nov,
   volume = 150,
      eid = {150},
    pages = {150},
      doi = {10.1088/0004-6256/150/5/150},
   adsurl = {http://adsabs.harvard.edu/abs/2015AJ....150..150F},
  adsnote = {Provided by the SAO/NASA Astrophysics Data System}
}



@ARTICLE{2011arXiv1109.6741S,
   author = {{Sevilla}, I. and {Armstrong}, R. and {Bertin}, E. and {Carlson}, A. and 
	{Daues}, G. and {Desai}, S. and {Gower}, M. and {Gruendl}, R. and 
	{Hanlon}, W. and {Jarvis}, M. and {Kessler}, R. and {Kuropatkin}, N. and 
	{Lin}, H. and {Marriner}, J. and {Mohr}, J. and {Petravick}, D. and 
	{Sheldon}, E. and {Swanson}, M.~E.~C. and {Tomashek}, T. and 
	{Tucker}, D. and {Yang}, Y. and {Yanny}, B. and {for the DES Collaboration}
	},
    title = "{The Dark Energy Survey Data Management System}",
  journal = {ArXiv e-prints},
archivePrefix = "arXiv",
   eprint = {1109.6741},
 primaryClass = "astro-ph.IM",
 keywords = {Astrophysics - Instrumentation and Methods for Astrophysics},
     year = 2011,
    month = sep,
   adsurl = {http://adsabs.harvard.edu/abs/2011arXiv1109.6741S},
  adsnote = {Provided by the SAO/NASA Astrophysics Data System}
}

@INPROCEEDINGS{2012SPIE.8451E..0DM,
   author = {{Mohr}, J.~J. and {Armstrong}, R. and {Bertin}, E. and {Daues}, G. and 
	{Desai}, S. and {Gower}, M. and {Gruendl}, R. and {Hanlon}, W. and 
	{Kuropatkin}, N. and {Lin}, H. and {Marriner}, J. and {Petravic}, D. and 
	{Sevilla}, I. and {Swanson}, M. and {Tomashek}, T. and {Tucker}, D. and 
	{Yanny}, B.},
    title = "{The Dark Energy Survey data processing and calibration system}",
booktitle = {Society of Photo-Optical Instrumentation Engineers (SPIE) Conference Series},
     year = 2012,
   series = {Society of Photo-Optical Instrumentation Engineers (SPIE) Conference Series},
   volume = 8451,
archivePrefix = "arXiv",
   eprint = {1207.3189},
 primaryClass = "astro-ph.IM",
    month = sep,
      eid = {84510D},
    pages = {0},
      doi = {10.1117/12.926785},
   adsurl = {http://adsabs.harvard.edu/abs/2012SPIE.8451E..0DM},
  adsnote = {Provided by the SAO/NASA Astrophysics Data System}
}

@ARTICLE{2012ApJ...757...83D,
   author = {{Desai}, S. and {Armstrong}, R. and {Mohr}, J.~J. and {Semler}, D.~R. and 
	{Liu}, J. and {Bertin}, E. and {Allam}, S.~S. and {Barkhouse}, W.~A. and 
	{Bazin}, G. and {Buckley-Geer}, E.~J. and {Cooper}, M.~C. and 
	{Hansen}, S.~M. and {High}, F.~W. and {Lin}, H. and {Lin}, Y.-T. and 
	{Ngeow}, C.-C. and {Rest}, A. and {Song}, J. and {Tucker}, D. and 
	{Zenteno}, A.},
    title = "{The Blanco Cosmology Survey: Data Acquisition, Processing, Calibration, Quality Diagnostics, and Data Release}",
  journal = {\apj},
archivePrefix = "arXiv",
   eprint = {1204.1210},
 primaryClass = "astro-ph.CO",
 keywords = {cosmology: observations, galaxies: clusters: general, methods: data analysis, surveys, techniques: image processing},
     year = 2012,
    month = sep,
   volume = 757,
      eid = {83},
    pages = {83},
      doi = {10.1088/0004-637X/757/1/83},
   adsurl = {http://adsabs.harvard.edu/abs/2012ApJ...757...83D},
  adsnote = {Provided by the SAO/NASA Astrophysics Data System}
}



@ARTICLE{1996AJ....111.1748F,
   author = {{Fukugita}, M. and {Ichikawa}, T. and {Gunn}, J.~E. and {Doi}, M. and 
	{Shimasaku}, K. and {Schneider}, D.~P.},
    title = "{The Sloan Digital Sky Survey Photometric System}",
  journal = {\aj},
 keywords = {SURVEYS, INSTRUMENTATION: PHOTOMETERS, TECHNIQUES: PHOTOMETRIC},
     year = 1996,
    month = apr,
   volume = 111,
    pages = {1748},
      doi = {10.1086/117915},
   adsurl = {http://adsabs.harvard.edu/abs/1996AJ....111.1748F},
  adsnote = {Provided by the SAO/NASA Astrophysics Data System}
}

@ARTICLE{1998AJ....116.3040G,
   author = {{Gunn}, J.~E. and {Carr}, M. and {Rockosi}, C. and {Sekiguchi}, M. and 
	{Berry}, K. and {Elms}, B. and {de Haas}, E. and {Ivezi{\'c}}, {\v Z}. and 
	{Knapp}, G. and {Lupton}, R. and {Pauls}, G. and {Simcoe}, R. and 
	{Hirsch}, R. and {Sanford}, D. and {Wang}, S. and {York}, D. and 
	{Harris}, F. and {Annis}, J. and {Bartozek}, L. and {Boroski}, W. and 
	{Bakken}, J. and {Haldeman}, M. and {Kent}, S. and {Holm}, S. and 
	{Holmgren}, D. and {Petravick}, D. and {Prosapio}, A. and {Rechenmacher}, R. and 
	{Doi}, M. and {Fukugita}, M. and {Shimasaku}, K. and {Okada}, N. and 
	{Hull}, C. and {Siegmund}, W. and {Mannery}, E. and {Blouke}, M. and 
	{Heidtman}, D. and {Schneider}, D. and {Lucinio}, R. and {Brinkman}, J.
	},
    title = "{The Sloan Digital Sky Survey Photometric Camera}",
  journal = {\aj},
   eprint = {astro-ph/9809085},
 keywords = {ASTROMETRY, ATLASES, CATALOGS, COSMOLOGY: OBSERVATIONS, INSTRUMENTATION: DETECTORS, INSTRUMENTATION: PHOTOMETERS, SURVEYS},
     year = 1998,
    month = dec,
   volume = 116,
    pages = {3040-3081},
      doi = {10.1086/300645},
   adsurl = {http://adsabs.harvard.edu/abs/1998AJ....116.3040G},
  adsnote = {Provided by the SAO/NASA Astrophysics Data System}
}


@ARTICLE{2011ApJS..193...29A,
   author = {{Aihara}, H. and {Allende Prieto}, C. and {An}, D. and {Anderson}, S.~F. and 
	{Aubourg}, {\'E}. and {Balbinot}, E. and {Beers}, T.~C. and 
	{Berlind}, A.~A. and {Bickerton}, S.~J. and {Bizyaev}, D. and 
	{Blanton}, M.~R. and {Bochanski}, J.~J. and {Bolton}, A.~S. and 
	{Bovy}, J. and {Brandt}, W.~N. and {Brinkmann}, J. and {Brown}, P.~J. and 
	{Brownstein}, J.~R. and {Busca}, N.~G. and {Campbell}, H. and 
	{Carr}, M.~A. and {Chen}, Y. and {Chiappini}, C. and {Comparat}, J. and 
	{Connolly}, N. and {Cortes}, M. and {Croft}, R.~A.~C. and {Cuesta}, A.~J. and 
	{da Costa}, L.~N. and {Davenport}, J.~R.~A. and {Dawson}, K. and 
	{Dhital}, S. and {Ealet}, A. and {Ebelke}, G.~L. and {Edmondson}, E.~M. and 
	{Eisenstein}, D.~J. and {Escoffier}, S. and {Esposito}, M. and 
	{Evans}, M.~L. and {Fan}, X. and {Femen{\'{\i}}a Castell{\'a}}, B. and 
	{Font-Ribera}, A. and {Frinchaboy}, P.~M. and {Ge}, J. and {Gillespie}, B.~A. and 
	{Gilmore}, G. and {Gonz{\'a}lez Hern{\'a}ndez}, J.~I. and {Gott}, J.~R. and 
	{Gould}, A. and {Grebel}, E.~K. and {Gunn}, J.~E. and {Hamilton}, J.-C. and 
	{Harding}, P. and {Harris}, D.~W. and {Hawley}, S.~L. and {Hearty}, F.~R. and 
	{Ho}, S. and {Hogg}, D.~W. and {Holtzman}, J.~A. and {Honscheid}, K. and 
	{Inada}, N. and {Ivans}, I.~I. and {Jiang}, L. and {Johnson}, J.~A. and 
	{Jordan}, C. and {Jordan}, W.~P. and {Kazin}, E.~A. and {Kirkby}, D. and 
	{Klaene}, M.~A. and {Knapp}, G.~R. and {Kneib}, J.-P. and {Kochanek}, C.~S. and 
	{Koesterke}, L. and {Kollmeier}, J.~A. and {Kron}, R.~G. and 
	{Lampeitl}, H. and {Lang}, D. and {Le Goff}, J.-M. and {Lee}, Y.~S. and 
	{Lin}, Y.-T. and {Long}, D.~C. and {Loomis}, C.~P. and {Lucatello}, S. and 
	{Lundgren}, B. and {Lupton}, R.~H. and {Ma}, Z. and {MacDonald}, N. and 
	{Mahadevan}, S. and {Maia}, M.~A.~G. and {Makler}, M. and {Malanushenko}, E. and 
	{Malanushenko}, V. and {Mandelbaum}, R. and {Maraston}, C. and 
	{Margala}, D. and {Masters}, K.~L. and {McBride}, C.~K. and 
	{McGehee}, P.~M. and {McGreer}, I.~D. and {M{\'e}nard}, B. and 
	{Miralda-Escud{\'e}}, J. and {Morrison}, H.~L. and {Mullally}, F. and 
	{Muna}, D. and {Munn}, J.~A. and {Murayama}, H. and {Myers}, A.~D. and 
	{Naugle}, T. and {Neto}, A.~F. and {Nguyen}, D.~C. and {Nichol}, R.~C. and 
	{O'Connell}, R.~W. and {Ogando}, R.~L.~C. and {Olmstead}, M.~D. and 
	{Oravetz}, D.~J. and {Padmanabhan}, N. and {Palanque-Delabrouille}, N. and 
	{Pan}, K. and {Pandey}, P. and {P{\^a}ris}, I. and {Percival}, W.~J. and 
	{Petitjean}, P. and {Pfaffenberger}, R. and {Pforr}, J. and 
	{Phleps}, S. and {Pichon}, C. and {Pieri}, M.~M. and {Prada}, F. and 
	{Price-Whelan}, A.~M. and {Raddick}, M.~J. and {Ramos}, B.~H.~F. and 
	{Reyl{\'e}}, C. and {Rich}, J. and {Richards}, G.~T. and {Rix}, H.-W. and 
	{Robin}, A.~C. and {Rocha-Pinto}, H.~J. and {Rockosi}, C.~M. and 
	{Roe}, N.~A. and {Rollinde}, E. and {Ross}, A.~J. and {Ross}, N.~P. and 
	{Rossetto}, B.~M. and {S{\'a}nchez}, A.~G. and {Sayres}, C. and 
	{Schlegel}, D.~J. and {Schlesinger}, K.~J. and {Schmidt}, S.~J. and 
	{Schneider}, D.~P. and {Sheldon}, E. and {Shu}, Y. and {Simmerer}, J. and 
	{Simmons}, A.~E. and {Sivarani}, T. and {Snedden}, S.~A. and 
	{Sobeck}, J.~S. and {Steinmetz}, M. and {Strauss}, M.~A. and 
	{Szalay}, A.~S. and {Tanaka}, M. and {Thakar}, A.~R. and {Thomas}, D. and 
	{Tinker}, J.~L. and {Tofflemire}, B.~M. and {Tojeiro}, R. and 
	{Tremonti}, C.~A. and {Vandenberg}, J. and {Vargas Maga{\~n}a}, M. and 
	{Verde}, L. and {Vogt}, N.~P. and {Wake}, D.~A. and {Wang}, J. and 
	{Weaver}, B.~A. and {Weinberg}, D.~H. and {White}, M. and {White}, S.~D.~M. and 
	{Yanny}, B. and {Yasuda}, N. and {Yeche}, C. and {Zehavi}, I.
	},
    title = "{The Eighth Data Release of the Sloan Digital Sky Survey: First Data from SDSS-III}",
  journal = {\apjs},
archivePrefix = "arXiv",
   eprint = {1101.1559},
 primaryClass = "astro-ph.IM",
 keywords = {atlases, catalogs, surveys},
     year = 2011,
    month = apr,
   volume = 193,
      eid = {29},
    pages = {29},
      doi = {10.1088/0067-0049/193/2/29},
   adsurl = {http://adsabs.harvard.edu/abs/2011ApJS..193...29A},
  adsnote = {Provided by the SAO/NASA Astrophysics Data System}
}

@INPROCEEDINGS{2001ASPC..238..269L,
   author = {{Lupton}, R. and {Gunn}, J.~E. and {Ivezi{\'c}}, Z. and {Knapp}, G.~R. and 
	{Kent}, S.},
    title = "{The SDSS Imaging Pipelines}",
booktitle = {Astronomical Data Analysis Software and Systems X},
     year = 2001,
   series = {Astronomical Society of the Pacific Conference Series},
   volume = 238,
   eprint = {astro-ph/0101420},
   editor = {{Harnden}, Jr., F.~R. and {Primini}, F.~A. and {Payne}, H.~E.
	},
    pages = {269},
   adsurl = {http://adsabs.harvard.edu/abs/2001ASPC..238..269L},
  adsnote = {Provided by the SAO/NASA Astrophysics Data System}
}

@ARTICLE{2002AJ....123..485S,
   author = {{Stoughton}, C. and {Lupton}, R.~H. and {Bernardi}, M. and {Blanton}, M.~R. and 
	{Burles}, S. and {Castander}, F.~J. and {Connolly}, A.~J. and 
	{Eisenstein}, D.~J. and {Frieman}, J.~A. and {Hennessy}, G.~S. and 
	{Hindsley}, R.~B. and {Ivezi{\'c}}, {\v Z}. and {Kent}, S. and 
	{Kunszt}, P.~Z. and {Lee}, B.~C. and {Meiksin}, A. and {Munn}, J.~A. and 
	{Newberg}, H.~J. and {Nichol}, R.~C. and {Nicinski}, T. and 
	{Pier}, J.~R. and {Richards}, G.~T. and {Richmond}, M.~W. and 
	{Schlegel}, D.~J. and {Smith}, J.~A. and {Strauss}, M.~A. and 
	{SubbaRao}, M. and {Szalay}, A.~S. and {Thakar}, A.~R. and {Tucker}, D.~L. and 
	{Vanden Berk}, D.~E. and {Yanny}, B. and {Adelman}, J.~K. and 
	{Anderson}, Jr., J.~E. and {Anderson}, S.~F. and {Annis}, J. and 
	{Bahcall}, N.~A. and {Bakken}, J.~A. and {Bartelmann}, M. and 
	{Bastian}, S. and {Bauer}, A. and {Berman}, E. and {B{\"o}hringer}, H. and 
	{Boroski}, W.~N. and {Bracker}, S. and {Briegel}, C. and {Briggs}, J.~W. and 
	{Brinkmann}, J. and {Brunner}, R. and {Carey}, L. and {Carr}, M.~A. and 
	{Chen}, B. and {Christian}, D. and {Colestock}, P.~L. and {Crocker}, J.~H. and 
	{Csabai}, I. and {Czarapata}, P.~C. and {Dalcanton}, J. and 
	{Davidsen}, A.~F. and {Davis}, J.~E. and {Dehnen}, W. and {Dodelson}, S. and 
	{Doi}, M. and {Dombeck}, T. and {Donahue}, M. and {Ellman}, N. and 
	{Elms}, B.~R. and {Evans}, M.~L. and {Eyer}, L. and {Fan}, X. and 
	{Federwitz}, G.~R. and {Friedman}, S. and {Fukugita}, M. and 
	{Gal}, R. and {Gillespie}, B. and {Glazebrook}, K. and {Gray}, J. and 
	{Grebel}, E.~K. and {Greenawalt}, B. and {Greene}, G. and {Gunn}, J.~E. and 
	{de Haas}, E. and {Haiman}, Z. and {Haldeman}, M. and {Hall}, P.~B. and 
	{Hamabe}, M. and {Hansen}, B. and {Harris}, F.~H. and {Harris}, H. and 
	{Harvanek}, M. and {Hawley}, S.~L. and {Hayes}, J.~J.~E. and 
	{Heckman}, T.~M. and {Helmi}, A. and {Henden}, A. and {Hogan}, C.~J. and 
	{Hogg}, D.~W. and {Holmgren}, D.~J. and {Holtzman}, J. and {Huang}, C.-H. and 
	{Hull}, C. and {Ichikawa}, S.-I. and {Ichikawa}, T. and {Johnston}, D.~E. and 
	{Kauffmann}, G. and {Kim}, R.~S.~J. and {Kimball}, T. and {Kinney}, E. and 
	{Klaene}, M. and {Kleinman}, S.~J. and {Klypin}, A. and {Knapp}, G.~R. and 
	{Korienek}, J. and {Krolik}, J. and {Kron}, R.~G. and {Krzesi{\'n}ski}, J. and 
	{Lamb}, D.~Q. and {Leger}, R.~F. and {Limmongkol}, S. and {Lindenmeyer}, C. and 
	{Long}, D.~C. and {Loomis}, C. and {Loveday}, J. and {MacKinnon}, B. and 
	{Mannery}, E.~J. and {Mantsch}, P.~M. and {Margon}, B. and {McGehee}, P. and 
	{McKay}, T.~A. and {McLean}, B. and {Menou}, K. and {Merelli}, A. and 
	{Mo}, H.~J. and {Monet}, D.~G. and {Nakamura}, O. and {Narayanan}, V.~K. and 
	{Nash}, T. and {Neilsen}, Jr., E.~H. and {Newman}, P.~R. and 
	{Nitta}, A. and {Odenkirchen}, M. and {Okada}, N. and {Okamura}, S. and 
	{Ostriker}, J.~P. and {Owen}, R. and {Pauls}, A.~G. and {Peoples}, J. and 
	{Peterson}, R.~S. and {Petravick}, D. and {Pope}, A. and {Pordes}, R. and 
	{Postman}, M. and {Prosapio}, A. and {Quinn}, T.~R. and {Rechenmacher}, R. and 
	{Rivetta}, C.~H. and {Rix}, H.-W. and {Rockosi}, C.~M. and {Rosner}, R. and 
	{Ruthmansdorfer}, K. and {Sandford}, D. and {Schneider}, D.~P. and 
	{Scranton}, R. and {Sekiguchi}, M. and {Sergey}, G. and {Sheth}, R. and 
	{Shimasaku}, K. and {Smee}, S. and {Snedden}, S.~A. and {Stebbins}, A. and 
	{Stubbs}, C. and {Szapudi}, I. and {Szkody}, P. and {Szokoly}, G.~P. and 
	{Tabachnik}, S. and {Tsvetanov}, Z. and {Uomoto}, A. and {Vogeley}, M.~S. and 
	{Voges}, W. and {Waddell}, P. and {Walterbos}, R. and {Wang}, S.-i. and 
	{Watanabe}, M. and {Weinberg}, D.~H. and {White}, R.~L. and 
	{White}, S.~D.~M. and {Wilhite}, B. and {Wolfe}, D. and {Yasuda}, N. and 
	{York}, D.~G. and {Zehavi}, I. and {Zheng}, W.},
    title = "{Sloan Digital Sky Survey: Early Data Release}",
  journal = {\aj},
 keywords = {Atlases, Catalogs, Surveys},
     year = 2002,
    month = jan,
   volume = 123,
    pages = {485-548},
      doi = {10.1086/324741},
   adsurl = {http://adsabs.harvard.edu/abs/2002AJ....123..485S},
  adsnote = {Provided by the SAO/NASA Astrophysics Data System}
}


@ARTICLE{2000AJ....120.1579Y,
   author = {{York}, D.~G. and {Adelman}, J. and {Anderson}, Jr., J.~E. and 
	{Anderson}, S.~F. and {Annis}, J. and {Bahcall}, N.~A. and {Bakken}, J.~A. and 
	{Barkhouser}, R. and {Bastian}, S. and {Berman}, E. and {Boroski}, W.~N. and 
	{Bracker}, S. and {Briegel}, C. and {Briggs}, J.~W. and {Brinkmann}, J. and 
	{Brunner}, R. and {Burles}, S. and {Carey}, L. and {Carr}, M.~A. and 
	{Castander}, F.~J. and {Chen}, B. and {Colestock}, P.~L. and 
	{Connolly}, A.~J. and {Crocker}, J.~H. and {Csabai}, I. and 
	{Czarapata}, P.~C. and {Davis}, J.~E. and {Doi}, M. and {Dombeck}, T. and 
	{Eisenstein}, D. and {Ellman}, N. and {Elms}, B.~R. and {Evans}, M.~L. and 
	{Fan}, X. and {Federwitz}, G.~R. and {Fiscelli}, L. and {Friedman}, S. and 
	{Frieman}, J.~A. and {Fukugita}, M. and {Gillespie}, B. and 
	{Gunn}, J.~E. and {Gurbani}, V.~K. and {de Haas}, E. and {Haldeman}, M. and 
	{Harris}, F.~H. and {Hayes}, J. and {Heckman}, T.~M. and {Hennessy}, G.~S. and 
	{Hindsley}, R.~B. and {Holm}, S. and {Holmgren}, D.~J. and {Huang}, C.-h. and 
	{Hull}, C. and {Husby}, D. and {Ichikawa}, S.-I. and {Ichikawa}, T. and 
	{Ivezi{\'c}}, {\v Z}. and {Kent}, S. and {Kim}, R.~S.~J. and 
	{Kinney}, E. and {Klaene}, M. and {Kleinman}, A.~N. and {Kleinman}, S. and 
	{Knapp}, G.~R. and {Korienek}, J. and {Kron}, R.~G. and {Kunszt}, P.~Z. and 
	{Lamb}, D.~Q. and {Lee}, B. and {Leger}, R.~F. and {Limmongkol}, S. and 
	{Lindenmeyer}, C. and {Long}, D.~C. and {Loomis}, C. and {Loveday}, J. and 
	{Lucinio}, R. and {Lupton}, R.~H. and {MacKinnon}, B. and {Mannery}, E.~J. and 
	{Mantsch}, P.~M. and {Margon}, B. and {McGehee}, P. and {McKay}, T.~A. and 
	{Meiksin}, A. and {Merelli}, A. and {Monet}, D.~G. and {Munn}, J.~A. and 
	{Narayanan}, V.~K. and {Nash}, T. and {Neilsen}, E. and {Neswold}, R. and 
	{Newberg}, H.~J. and {Nichol}, R.~C. and {Nicinski}, T. and 
	{Nonino}, M. and {Okada}, N. and {Okamura}, S. and {Ostriker}, J.~P. and 
	{Owen}, R. and {Pauls}, A.~G. and {Peoples}, J. and {Peterson}, R.~L. and 
	{Petravick}, D. and {Pier}, J.~R. and {Pope}, A. and {Pordes}, R. and 
	{Prosapio}, A. and {Rechenmacher}, R. and {Quinn}, T.~R. and 
	{Richards}, G.~T. and {Richmond}, M.~W. and {Rivetta}, C.~H. and 
	{Rockosi}, C.~M. and {Ruthmansdorfer}, K. and {Sandford}, D. and 
	{Schlegel}, D.~J. and {Schneider}, D.~P. and {Sekiguchi}, M. and 
	{Sergey}, G. and {Shimasaku}, K. and {Siegmund}, W.~A. and {Smee}, S. and 
	{Smith}, J.~A. and {Snedden}, S. and {Stone}, R. and {Stoughton}, C. and 
	{Strauss}, M.~A. and {Stubbs}, C. and {SubbaRao}, M. and {Szalay}, A.~S. and 
	{Szapudi}, I. and {Szokoly}, G.~P. and {Thakar}, A.~R. and {Tremonti}, C. and 
	{Tucker}, D.~L. and {Uomoto}, A. and {Vanden Berk}, D. and {Vogeley}, M.~S. and 
	{Waddell}, P. and {Wang}, S.-i. and {Watanabe}, M. and {Weinberg}, D.~H. and 
	{Yanny}, B. and {Yasuda}, N. and {SDSS Collaboration}},
    title = "{The Sloan Digital Sky Survey: Technical Summary}",
  journal = {\aj},
   eprint = {astro-ph/0006396},
 keywords = {Cosmology: Observations, Instrumentation: Miscellaneous},
     year = 2000,
    month = sep,
   volume = 120,
    pages = {1579-1587},
      doi = {10.1086/301513},
   adsurl = {http://adsabs.harvard.edu/abs/2000AJ....120.1579Y},
  adsnote = {Provided by the SAO/NASA Astrophysics Data System}
}

@ARTICLE{2008MNRAS.390L..51V,
   author = {{van den Bergh}, S.},
    title = "{The luminosity-diameter relations for globular clusters and dwarf spheroidal galaxies}",
  journal = {\mnras},
archivePrefix = "arXiv",
   eprint = {0807.2798},
 keywords = {globular clusters: general, galaxies: dwarf},
     year = 2008,
    month = oct,
   volume = 390,
    pages = {L51-L53},
      doi = {10.1111/j.1745-3933.2008.00534.x},
   adsurl = {http://adsabs.harvard.edu/abs/2008MNRAS.390L..51V},
  adsnote = {Provided by the SAO/NASA Astrophysics Data System}
}

@ARTICLE{2002ApJS..141..123W,
   author = {{Whiting}, A.~B. and {Hau}, G.~K.~T. and {Irwin}, M.},
    title = "{The Southern Dwarf Hunt: Local Group Dwarf Candidates in the Southern Sky}",
  journal = {\apjs},
   eprint = {astro-ph/0205502},
 keywords = {Galaxies: Dwarf, Galaxies: Local Group, ISM: Planetary Nebulae: General, ISM: Reflection Nebulae, Surveys},
     year = 2002,
    month = jul,
   volume = 141,
    pages = {123-146},
      doi = {10.1086/340037},
   adsurl = {http://adsabs.harvard.edu/abs/2002ApJS..141..123W},
  adsnote = {Provided by the SAO/NASA Astrophysics Data System}
}

@ARTICLE{2012ApJ...750...80K,
   author = {{Koposov}, S.~E. and {Belokurov}, V. and {Evans}, N.~W. and 
	{Gilmore}, G. and {Gieles}, M. and {Irwin}, M.~J. and {Lewis}, G.~F. and 
	{Niederste-Ostholt}, M. and {Pe{\~n}arrubia}, J. and {Smith}, M.~C. and 
	{Bizyaev}, D. and {Malanushenko}, E. and {Malanushenko}, V. and 
	{Schneider}, D.~P. and {Wyse}, R.~F.~G.},
    title = "{The Sagittarius Streams in the Southern Galactic Hemisphere}",
  journal = {\apj},
archivePrefix = "arXiv",
   eprint = {1111.7042},
 keywords = {galaxies: dwarf, galaxies: individual: Sagittarius, Local Group },
     year = 2012,
    month = may,
   volume = 750,
      eid = {80},
    pages = {80},
      doi = {10.1088/0004-637X/750/1/80},
   adsurl = {http://adsabs.harvard.edu/abs/2012ApJ...750...80K},
  adsnote = {Provided by the SAO/NASA Astrophysics Data System}
}

@ARTICLE{2015ApJ...805..130K,
   author = {{Koposov}, S.~E. and {Belokurov}, V. and {Torrealba}, G. and 
	{Evans}, N.~W.},
    title = "{Beasts of the Southern Wild : Discovery of nine Ultra Faint satellites in the vicinity of the Magellanic Clouds.}",
  journal = {\apj},
archivePrefix = "arXiv",
   eprint = {1503.02079},
 keywords = {galaxies: dwarf, galaxies: kinematics and dynamics, Galaxy: halo, globular clusters: general},
     year = 2015,
    month = jun,
   volume = 805,
      eid = {130},
    pages = {130},
      doi = {10.1088/0004-637X/805/2/130},
   adsurl = {http://adsabs.harvard.edu/abs/2015ApJ...805..130K},
  adsnote = {Provided by the SAO/NASA Astrophysics Data System}
}

@ARTICLE{1962AJ.....67..471K,
   author = {{King}, I.},
    title = "{The structure of star clusters. I. an empirical density law}",
  journal = {\aj},
     year = 1962,
    month = oct,
   volume = 67,
    pages = {471},
      doi = {10.1086/108756},
   adsurl = {http://adsabs.harvard.edu/abs/1962AJ.....67..471K},
  adsnote = {Provided by the SAO/NASA Astrophysics Data System}
}

@ARTICLE{2015ApJ...811...62K,
   author = {{Koposov}, S.~E. and {Casey}, A.~R. and {Belokurov}, V. and 
	{Lewis}, J.~R. and {Gilmore}, G. and {Worley}, C. and {Hourihane}, A. and 
	{Randich}, S. and {Bensby}, T. and {Bragaglia}, A. and {Bergemann}, M. and 
	{Carraro}, G. and {Costado}, M.~T. and {Flaccomio}, E. and {Francois}, P. and 
	{Heiter}, U. and {Hill}, V. and {Jofre}, P. and {Lando}, C. and 
	{Lanzafame}, A.~C. and {de Laverny}, P. and {Monaco}, L. and 
	{Morbidelli}, L. and {Sbordone}, L. and {Mikolaitis}, {\v S}. and 
	{Ryde}, N.},
    title = "{Kinematics and Chemistry of Recently Discovered Reticulum 2 and Horologium 1 Dwarf Galaxies}",
  journal = {\apj},
archivePrefix = "arXiv",
   eprint = {1504.07916},
 keywords = {galaxies: abundances, galaxies: dwarf, galaxies: kinematics and dynamics, Galaxy: halo, globular clusters: general, stars: abundances},
     year = 2015,
    month = sep,
   volume = 811,
      eid = {62},
    pages = {62},
      doi = {10.1088/0004-637X/811/1/62},
   adsurl = {http://adsabs.harvard.edu/abs/2015ApJ...811...62K},
  adsnote = {Provided by the SAO/NASA Astrophysics Data System}
}

@ARTICLE{2015ApJ...810...56K,
   author = {{Kirby}, E.~N. and {Simon}, J.~D. and {Cohen}, J.~G.},
    title = "{Spectroscopic Confirmation of the Dwarf Galaxies Hydra II and Pisces II and the Globular Cluster Laevens 1}",
  journal = {\apj},
archivePrefix = "arXiv",
   eprint = {1506.01021},
 keywords = {galaxies: abundances, galaxies: dwarf, Local Group},
     year = 2015,
    month = sep,
   volume = 810,
      eid = {56},
    pages = {56},
      doi = {10.1088/0004-637X/810/1/56},
   adsurl = {http://adsabs.harvard.edu/abs/2015ApJ...810...56K},
  adsnote = {Provided by the SAO/NASA Astrophysics Data System}
}
